%% LaTeX2e file `usenix2019_v3.1.bib'
%% generated by the `filecontents' environment
%% from source `usenix2019_v3.1' on 2020/06/15.
%%
%-------------------------------------------------------------------------------
@inproceedings {SLMDB,
author = {Olzhas Kaiyrakhmet and Songyi Lee and Beomseok Nam and Sam H. Noh and Young-ri Choi},
title = {SLM-DB: Single-Level Key-Value Store with Persistent Memory},
booktitle = {17th {USENIX} Conference on File and Storage Technologies ({FAST} 19)},
year = {2019},
isbn = {978-1-939133-09-0},
address = {Boston, MA},
pages = {191--205},
url = {https://www.usenix.org/conference/fast19/presentation/kaiyrakhmet},
publisher = {{USENIX} Association},
month = feb,
}
@article{PCM,
  author    = {H.{-}S. Philip Wong and
               Simone Raoux and
               SangBum Kim and
               Jiale Liang and
               John P. Reifenberg and
               Bipin Rajendran and
               Mehdi Asheghi and
               Kenneth E. Goodson},
  title     = {Phase Change Memory},
  journal   = {Proceedings of the {IEEE}},
  volume    = {98},
  number    = {12},
  pages     = {2201--2227},
  year      = {2010},
  url       = {https://doi.org/10.1109/JPROC.2010.2070050},
  doi       = {10.1109/JPROC.2010.2070050},
  timestamp = {Thu, 08 Jun 2017 09:04:07 +0200},
  biburl    = {https://dblp.org/rec/journals/pieee/WongRKLRRAG10.bib},
  bibsource = {dblp computer science bibliography, https://dblp.org}
}
@misc{3DXPoint,
  author = {Intel},
  title = {Intel and micron produce breakthrough memory technology.},
  note =  {\url{https://newsroom.intel.com/news-releases/intel-and-micronproduce-
breakthrough-memory-technology/}}
}
@misc{NVMRocks,
  author = {NVMRocks},
  title = {RocksDB on Non-Volatile Memory Systems},
  howpublished = {
  \url{http://istc-bigdata.org/index.php/nvmrocks-rocksdb-on-non-volatilememory-systems/}
  }
}
@misc{RocksDB,
  author = {RocksDB},
  title = {RocksDB},
  howpublished = {
  \url{https://rocksdb.org/}
  }
}
@misc{LevelDB,
  author = {Google},
  title = {LevelDB},
  howpublished = {
  \url{https://github.com/google/leveldb}
  }
}
@inproceedings{DBLP:conf/usenix/XiaJXS17,
  author    = {Fei Xia and
               Dejun Jiang and
               Jin Xiong and
               Ninghui Sun},
  editor    = {Dilma Da Silva and
               Bryan Ford},
  title     = {{HiKV}: {A} Hybrid Index Key-Value Store for {DRAM-NVM} Memory Systems},
  booktitle = {2017 {USENIX} Annual Technical Conference, {USENIX} {ATC} 2017, Santa
               Clara, CA, USA, July 12-14, 2017},
  pages     = {349--362},
  publisher = {{USENIX} Association},
  year      = {2017},
  url       = {https://www.usenix.org/conference/atc17/technical-sessions/presentation/xia},
  timestamp = {Mon, 16 Jul 2018 15:47:23 +0200},
  biburl    = {https://dblp.org/rec/conf/usenix/XiaJXS17.bib},
  bibsource = {dblp computer science bibliography, https://dblp.org}
}
@inproceedings{DBLP:conf/fast/LeeLSNN17,
  author    = {Se Kwon Lee and
               K. Hyun Lim and
               Hyunsub Song and
               Beomseok Nam and
               Sam H. Noh},
  editor    = {Geoff Kuenning and
               Carl A. Waldspurger},
  title     = {{WORT:} Write Optimal Radix Tree for Persistent Memory Storage Systems},
  booktitle = {15th {USENIX} Conference on File and Storage Technologies, {FAST}
               2017, Santa Clara, CA, USA, February 27 - March 2, 2017},
  pages     = {257--270},
  publisher = {{USENIX} Association},
  year      = {2017},
  url       = {https://www.usenix.org/conference/fast17/technical-sessions/presentation/lee-se-kwon},
  timestamp = {Tue, 28 Mar 2017 15:26:05 +0200},
  biburl    = {https://dblp.org/rec/conf/fast/LeeLSNN17.bib},
  bibsource = {dblp computer science bibliography, https://dblp.org}
}
@inproceedings{DBLP:conf/usenix/KannanBGAA18,
  author    = {Sudarsun Kannan and
               Nitish Bhat and
               Ada Gavrilovska and
               Andrea C. Arpaci{-}Dusseau and
               Remzi H. Arpaci{-}Dusseau},
  editor    = {Haryadi S. Gunawi and
               Benjamin Reed},
  title     = {Redesigning {LSMs for Nonvolatile Memory} with {NoveLSM}},
  booktitle = {2018 {USENIX} Annual Technical Conference, {USENIX} {ATC} 2018, Boston,
               MA, USA, July 11-13, 2018},
  pages     = {993--1005},
  publisher = {{USENIX} Association},
  year      = {2018},
  url       = {https://www.usenix.org/conference/atc18/presentation/kannan},
  timestamp = {Mon, 16 Jul 2018 15:48:02 +0200},
  biburl    = {https://dblp.org/rec/conf/usenix/KannanBGAA18.bib},
  bibsource = {dblp computer science bibliography, https://dblp.org}
}
@article{LSM-tree,
  author    = {Patrick E. O'Neil and
               Edward Cheng and
               Dieter Gawlick and
               Elizabeth J. O'Neil},
  title     = {The Log-Structured Merge-Tree (LSM-Tree)},
  journal   = {Acta Inf.},
  volume    = {33},
  number    = {4},
  pages     = {351--385},
  year      = {1996},
  url       = {https://doi.org/10.1007/s002360050048},
  doi       = {10.1007/s002360050048},
  timestamp = {Wed, 14 Nov 2018 10:14:19 +0100},
  biburl    = {https://dblp.org/rec/journals/acta/ONeilCGO96.bib},
  bibsource = {dblp computer science bibliography, https://dblp.org}
}
@inproceedings{WiscKey,
  author    = {Lanyue Lu and
               Thanumalayan Sankaranarayana Pillai and
               Andrea C. Arpaci{-}Dusseau and
               Remzi H. Arpaci{-}Dusseau},
  editor    = {Angela Demke Brown and
               Florentina I. Popovici},
  title     = {WiscKey: Separating Keys from Values in SSD-conscious Storage},
  booktitle = {14th {USENIX} Conference on File and Storage Technologies, {FAST}
               2016, Santa Clara, CA, USA, February 22-25, 2016},
  pages     = {133--148},
  publisher = {{USENIX} Association},
  year      = {2016},
  url       = {https://www.usenix.org/conference/fast16/technical-sessions/presentation/lu},
  timestamp = {Tue, 01 Mar 2016 15:34:23 +0100},
  biburl    = {https://dblp.org/rec/conf/fast/LuPAA16.bib},
  bibsource = {dblp computer science bibliography, https://dblp.org}
}
@inproceedings{NVMKV,
  author    = {Leonardo M{\'{a}}rmol and
               Swaminathan Sundararaman and
               Nisha Talagala and
               Raju Rangaswami},
  editor    = {Shan Lu and
               Erik Riedel},
  title     = {{NVMKV:} {A} Scalable, Lightweight, FTL-aware Key-Value Store},
  booktitle = {2015 {USENIX} Annual Technical Conference, {USENIX} {ATC} '15, July
               8-10, Santa Clara, CA, {USA}},
  pages     = {207--219},
  publisher = {{USENIX} Association},
  year      = {2015},
  url       = {https://www.usenix.org/conference/atc15/technical-session/presentation/marmol},
  timestamp = {Fri, 08 Jul 2016 13:19:10 +0200},
  biburl    = {https://dblp.org/rec/conf/usenix/MarmolSTR15.bib},
  bibsource = {dblp computer science bibliography, https://dblp.org}
}
@inproceedings{PebblesDB,
  author    = {Pandian Raju and
               Rohan Kadekodi and
               Vijay Chidambaram and
               Ittai Abraham},
  title     = {PebblesDB: Building Key-Value Stores using Fragmented Log-Structured
               Merge Trees},
  booktitle = {Proceedings of the 26th Symposium on Operating Systems Principles,
               Shanghai, China, October 28-31, 2017},
  pages     = {497--514},
  publisher = {{ACM}},
  year      = {2017},
  url       = {https://doi.org/10.1145/3132747.3132765},
  doi       = {10.1145/3132747.3132765},
  timestamp = {Tue, 06 Nov 2018 16:59:32 +0100},
  biburl    = {https://dblp.org/rec/conf/sosp/RajuKCA17.bib},
  bibsource = {dblp computer science bibliography, https://dblp.org}
}
@inproceedings{Dynamo,
  author    = {Giuseppe DeCandia and
               Deniz Hastorun and
               Madan Jampani and
               Gunavardhan Kakulapati and
               Avinash Lakshman and
               Alex Pilchin and
               Swaminathan Sivasubramanian and
               Peter Vosshall and
               Werner Vogels},
  editor    = {Thomas C. Bressoud and
               M. Frans Kaashoek},
  title     = {Dynamo: amazon's highly available key-value store},
  booktitle = {Proceedings of the 21st {ACM} Symposium on Operating Systems Principles
               2007, {SOSP} 2007, Stevenson, Washington, USA, October 14-17, 2007},
  pages     = {205--220},
  publisher = {{ACM}},
  year      = {2007},
  url       = {https://doi.org/10.1145/1294261.1294281},
  doi       = {10.1145/1294261.1294281},
  timestamp = {Wed, 14 Nov 2018 10:55:11 +0100},
  biburl    = {https://dblp.org/rec/conf/sosp/DeCandiaHJKLPSVV07.bib},
  bibsource = {dblp computer science bibliography, https://dblp.org}
}
@inproceedings{Bigtable,
  author    = {Fay Chang and
               Jeffrey Dean and
               Sanjay Ghemawat and
               Wilson C. Hsieh and
               Deborah A. Wallach and
               Michael Burrows and
               Tushar Chandra and
               Andrew Fikes and
               Robert Gruber},
  editor    = {Brian N. Bershad and
               Jeffrey C. Mogul},
  title     = {Bigtable: {A} Distributed Storage System for Structured Data (Awarded
               Best Paper!)},
  booktitle = {7th Symposium on Operating Systems Design and Implementation {(OSDI}
               '06), November 6-8, Seattle, WA, {USA}},
  pages     = {205--218},
  publisher = {{USENIX} Association},
  year      = {2006},
  url       = {http://www.usenix.org/events/osdi06/tech/chang.html},
  timestamp = {Wed, 04 Jul 2018 13:06:35 +0200},
  biburl    = {https://dblp.org/rec/conf/osdi/ChangDGHWBCFG06.bib},
  bibsource = {dblp computer science bibliography, https://dblp.org}
}
@misc{OPTANE,
  author = {Intel},
  title = {Intel optane persistent memory},
  howpublished = {
  \url{https://software.intel.com/en-us/persistent-memory}
  }
}
